<?xml version="1.0" encoding="UTF-8"?><collection xmlns="http://www.loc.gov/MARC21/slim"><record><leader>00513nam--2200133-i-4500</leader><controlfield tag="001">000005209</controlfield><controlfield tag="002">20161230</controlfield><controlfield tag="005">20170221014818</controlfield><controlfield tag="008">060222s1000------------r-----000-0-eng-d</controlfield><datafield ind1=" " ind2=" " tag="245"><subfield code="a">VIII. colloquium spectroscopicum internationale. 14 bis 18 sept., 1959 in Luzern. Gesamtausgabe der vortrage und referate. Hrsg.von Schweizerische Arbeitsgemeinschaft fur Spektralanalyse. Schriftleitung H.Guyer</subfield></datafield><datafield ind1=" " ind2=" " tag="260"><subfield code="a">Aarau</subfield><subfield code="b">Verlag H.R.Sauerlander</subfield><subfield code="c">1960</subfield></datafield><datafield ind1=" " ind2=" " tag="300"><subfield code="a">319 p</subfield></datafield><datafield ind1=" " ind2=" " tag="700"><subfield code="a">Guyer, H</subfield></datafield><datafield ind1=" " ind2=" " tag="CAT"><subfield code="a">SYS</subfield><subfield code="c">20170221</subfield><subfield code="h">014818</subfield></datafield></record></collection>